<?xml version="1.0" encoding="UTF-8"?><collection xmlns="http://www.loc.gov/MARC21/slim"><record><leader>00390nam--2200157-i-4500</leader><controlfield tag="001">000015058</controlfield><controlfield tag="002">20161230</controlfield><controlfield tag="005">20170224004805</controlfield><controlfield tag="008">060222s1000------------r-----000-0-eng-d</controlfield><datafield ind1=" " ind2=" " tag="100"><subfield code="a">Bulucea, Constantin</subfield></datafield><datafield ind1=" " ind2=" " tag="245"><subfield code="a">Circuite integrate liniare</subfield></datafield><datafield ind1=" " ind2=" " tag="260"><subfield code="a">Bucuresti</subfield><subfield code="b">Editura Tehnica</subfield><subfield code="c">1975</subfield></datafield><datafield ind1=" " ind2=" " tag="300"><subfield code="a">381 p</subfield></datafield><datafield ind1=" " ind2=" " tag="700"><subfield code="a">Profeta, H</subfield></datafield><datafield ind1=" " ind2=" " tag="852"><subfield code="a">621.38.04</subfield></datafield><datafield ind1=" " ind2=" " tag="CAT"><subfield code="a">SYS</subfield><subfield code="c">20170224</subfield><subfield code="h">004805</subfield></datafield></record></collection>